3586 4580
802 1665 810 1674 ι
950 1464 1608 1617 Pr'aefatio
1668 1470 1853 1619 ad
1878 1464 2679 1637 „Ledlorem

346 1879 424 1969 ι’.
777 1876 1201 1981 Enedicite
1226 1876 1531 1967 Fontes
1554 1880 1929 1967 Domino
1955 1939 1989 1981 ,
2046 1881 2447 1968 c‘antamus
2491 1875 2779 1966 merito
2818 1904 3000 1966 cum
3034 1880 3296 1966 tribus

426 2067 437 2076 ,
832 1994 1197 2081 Hebraeis
1224 1998 1532 2102 pueris,
1589 2021 1800 2105 quos
1830 1996 2136 2079 cannino
2168 1998 2374 2105 ignis
2401 1993 2738 2078 ardentis
2772 1996 3085 2079 immisit
3116 1993 3301 2078 Na-

833 2109 1464 2195 buchodonosor
1492 2110 1720 2212 Rex,
1781 2111 1863 2192 δι
1902 2110 2341 2194 incolumes
2382 2104 2725 2220 egressos
2760 2110 3080 2192 mitatus
3119 2108 3299 2210 est,

337 2269 346 2279 ·
837 2225 1173 2334 verique
1232 2222 1428 2308 DEI
1494 2227 1941 2335 potentiam
2006 2226 2365 2336 agnovit.
2508 2220 3000 2309 Benedicant-
3058 2224 3306 2332 igitur

337 2341 638 2431 Fontes
670 2335 1073 2433 Weffonis
1109 2341 1472 2422 Domino
1493 2399 1522 2439 ,
1575 2339 1778 2450 Regi
1810 2340 2258 2422 faeculomm
2305 2339 2767 2440 immortali,
2826 2341 2962 2446 qui
2997 2337 3305 2424 Mona-

336 2460 655 2548 sterium
684 2453 1080 2557 nostrum,
1116 2456 1311 2536 olim
1337 2454 1845 2538 tenuissimum
1865 2513 1894 2553 ‚
1932 2452 2012 2535 ἂ
2044 2453 2335 2537 acerbo
2351 2450 2822 2537 Fundatoris
2849 2452 3023 2535 fato
3057 2475 3306 2560 poene

338 2571 811 2686 prostratum
846 2626 875 2668 ,
931 2571 1016 2652 in
1050 2571 1263 2649 mille
1290 2566 1450 2671 jam
1477 2592 1728 2650 annos
1764 2588 2040 2653 contra
2072 2568 2523 2650 atrocifsnna
2552 2585 2909 2673 tempora
2938 2625 2966 2666 ‚
3029 2567 3110 2648 δι
3156 2589 3307 2650 va-

339 2693 492 2775 rias
535 2688 763 2769 vices
818 2684 902 2764 in
951 2679 1419 2764 hodiernum
1471 2679 1681 2765 diem
1735 2676 2235 2767 'conservavit
2260 2683 2717 2787 incolume,
2769 2678 2957 2762 dum
2982 2681 3304 2766 interim

339 2803 700 2887 maximae
737 2796 818 2879 δι
853 2796 1435 2902 opulentissimae
1469 2798 1831 2885 civitates
1863 2855 1892 2896 ,
1970 2792 2134 2879 imo
2170 2797 2470 2903 integra
2503 2818 2791 2904 regna,
2841 2795 2940 2876 ab
2978 2797 3311 2903 antiqua

341 2917 593 3025 gloria
644 2909 1105 2996 deciderunt
1161 2908 1241 3018 δι
1274 2908 1611 3017 collapsa
1642 2909 1815 2994 sunt
1837 2970 1870 3013 ,
1928 2931 2427 3016 quacumque
2470 2932 2716 3017 opum
2764 2909 3311 3017 magnitudine

344 3029 429 3113 ἃ
477 3050 868 3112 armorum
919 3017 1284 3130 potentia
1336 3021 1774 3163 valuifl'enq,
1902 3019 2148 3108 Plane
2184 3024 2593 3106 brachium
2626 3021 2827 3106 DEI
2856 3020 3014 3108 fuit
3040 3082 3067 3126 ,
3130 3049 3305 3134 quo

342 3165 585 3227 tenue
617 3140 1024 3224 inermium
1072 3159 1348 3245 agmen
1379 3194 1413 3238 ‚
1465 3139 1676 3222 inter
1705 3158 1839 3224 tot
1866 3159 2331 3227 armatorum
2360 3139 2660 3238 ruinas,
2717 3137 2963 3221 evafit
2994 3140 3311 3223 incolu-

341 3280 522 3357 me,
583 3254 666 3337 δι
717 3256 802 3337 in
852 3254 1070 3334 hunc
1123 3248 1331 3333 diem
1379 3247 1825 3359 perseverat
1857 3313 1888 3355 ‚
1939 3278 2134 3336 ‚non
2187 3247 2346 3334 alio·
2389 3247 2607 3333 certe
2633 3306 2666 3350 ,
2724 3247 2957 3355 quam
3010 3250 3312 3342 divinae

343 3365 870 3485 providentiae
924 3364 1003 3447 &
1051 3364 1428 3448 bonitatis
1476 3364 1865 3471 praefidio.
1980 3361 2236 3446 Reste
2285 3366 2517 3473 igitur
2559 3386 2730 3448 non
2780 3363 2994 3471 quasi
3037 3365 3312 3453 nostra

343 3475 713 3594 potentia
747 3475 882 3563 vel
913 3476 1326 3584 prudentia
1355 3481 1766 3585 hucusque
1795 3478 2266 3583 steterimuS‚
2327 3480 2783 3587 gloriamur,
2824 3476 2960 3561 fied
2990 3481 3315 3593 Rapha-

347 3599 489 3682 elis
519 3593 990 3701 Archangeli
1043 3594 1353 3675 monito
1409 3594 1806 3677 humiliter
1852 3617 2206 3700 paremus
2239 3598 2287 3675 ι’
2332 3587 2755 3675 Benedicite
2786 3588 3053 3679 Deum
3100 3595 3260 3683 coeli
3275 3651 3310 3695 ‚

348 3709 458 3804 δ’
499 3731 762 3794 coram
812 3699 1171 3789 omnibus
1216 3702 1670 3790 viventibus
1709 3700 2187 3819 confitemini
2240 3705 2313 3790 ei
2336 3762 2366 3805 ,
2440 3706 2624 3816 quia
2717 3709 2861 3790 ecit
2905 3706 3313 3798 vobiscum

347 3809 1230 3937 nnj‘ericordiamsuam.
1347 3815 1672 3904 Etenim
1744 3839 2285 3905 aeramentum
2314 3824 2520 3930 regis
2547 3817 2641 3903 ab
2673 3822 2985 3906 condere
3010 3823 3313 3912 bonum

403 3937 662 4022 uidem
699 3929 852 4045 est:
911 3948 1448 4131 opgrcg‘autem
1480 3927 1641 4018 DE
1732 3929 2083 4020 revelare
2112 3934 2219 4028 ἔθ’
2241 3932 2595 4052 confiteri
2623 3932 3141 4052 honorzflcum
3178 3936 3311 4056 est,

431 4051 640 4138 obiae
677 4076 710 4138 1
727 4074 805 4133 2.
857 4073 947 4136 v.
1044 4108 1067 4132 .
1224 4067 1306 4150 7.
2031 4099 2042 4108 -
2737 4119 2742 4123 ,
3473 4084 3480 4093 -

2955 4194 3039 4256 2.
3096 4169 3315 4266 Non
