3586 4580
349 209 466 338 fre
516 219 1036 306 honorabitur
1091 243 1328 329 quem
1363 219 1542 306 Rex
1595 220 2005 334 (Regum)
2064 224 2439 308 honorari
2471 227 2817 310 voluerit
2846 253 2872 307 τ
2938 251 3079 311 nos
3108 229 3293 312 verb

353 337 576 430 hisce
611 359 856 444 opera
885 333 1051 420 Dei
1087 335 1551 421 manifestari
1587 339 2118 422 honorificum
2156 334 2309 422 effe
2344 337 2707 443 duximus
2740 397 2769 439 ‚
2832 337 3293 428 confidenter

355 453 442 542 ³&
477 469 887 560 precantes
923 509 952 548 ‚
1009 472 1102 534 ut
1141 450 1334 534 illud
1383 447 1799 558 Prophetae
1839 454 2131 562 Regii,
2204 451 2409 536 ficut
2452 456 2537 536 in
2586 453 2931 541 Patrono
2974 453 3121 538 Tui
3164 481 3301 540 no·-

353 569 584 658 'minis
635 561 1146 672 adimpletum
1173 560 1350 648 effe
1397 565 1676 652 scimus
1694 625 1722 667 ,
1782 569 1893 650 ita
1930 569 2015 651 in
2042 567 2167 648 Te
2202 565 2767 674 adimpleatur:
2832 567 3323 679 longitudine

359 684 666 768 dierum
693 679 1026 786 replebo
1061 700 1244 768 eum
1265 736 1292 780 ,
1355 681 1433 764 δε
1487 675 1896 766 ostendam
1932 683 2043 764 illi
2080 681 2397 764 salutare
2430 705 2718 766 meum.
2830 681 3305 792 Utrumque,

353 799 450 882 iit
487 793 820 880 diximus
841 851 870 892 ‚
927 815 1358 900 precamur.
1478 793 1584 876 Et
1629 797 1795 878 hoc
1834 793 2314 901 postremum
2361 793 2680 903 quidem
2726 798 3039 882 unicam
3078 817 3315 882 voto-

175 931 182 938 ·
336 938 529 998 —mm
573 908 932 990 Tuorum
981 927 1272 992 metam
1323 903 1478 994 effe
1506 969 1538 1010 ‚
1593 908 1748 990 Tui
1808 907 2067 992 affidui
2114 909 2421 994 labores
2450 967 2481 1010 ‚
2537 929 2939 1017 P‘·³³1'P⁶³t¹¹ae
2994 911 3360 1021 Vigffiaev-
3528 961 3539 1044 ‘a

361 1023 724 1112 constans
759 1019 998 1108 lectio
1017 1083 1044 1124 ,
1092 1019 1684 1125 ferventiffirnus
1711 1021 1879 1106 Dei
1910 1025 2123 1106 zelus
2142 1083 2170 1125 ‚
2208 1024 2713 1106 irremissibilis
2749 1027 3002 1108 oratio
3040 1025 3325 1110 summa

359 1123 532 1227 tum
569 1131 918 1223 nostriim
955 1194 982 1234 ‚
1057 1157 1225 1242 tum
1261 1155 1708 1220 exterorum
1759 1159 1939 1222 cum
1976 1133 2495 1222 aedificatione
2540 1137 2799 1222 testati
2846 1139 3045 1224 fimt.
3166 1137 3329 1224 Sed

353 1277 622 1362 neque
673 1252 864 1333 huic
915 1249 1100 1332 Tuo
1151 1253 1294 1357 pio
1341 1271 1548 1334 voto
1603 1247 2110 1351 invidemus3
2166 1251 2419 1336 minus
2472 1254 3009 1362 improbamus
3044 1313 3075 1356 ,
3134 1256 3331 1362 quin

361 1391 646 1453 omnes
677 1363 756 1448 δι
803 1363 1074 1472 singuli
1103 1385 1284 1448 toto
1323 1366 1585 1448 animo
1631 1363 2343 1450 immarcescibilem
2373 1367 2699 1475 gloriam
2726 1425 2757 1468 ,
2806 1369 3105 1456 meritis
3134 1367 3337 1452 Tuis

365 1481 717 1568 debitam
775 1501 1280 1584 apprecamur
1340 1477 1420 1562 δι
1469 1500 1924 1588 auguratum·
1948 1537 1979 1579 ‚
2036 1477 2171 1564 sed
2216 1479 2531 1566 nonnisi
2580 1479 2767 1587 post
2818 1476 3073 1566 annos
3104 1484 3345 1590 pluri·

361 1621 586 1695 mos,
645 1593 994 1676 Patrono
1044 1590 1228 1674 Tuo
1283 1616 1456 1676 non
1507 1615 1831 1676 coaevos
1884 1591 2129 1677 solim]
2159 1651 2189 1692 ‚
2263 1591 2547 1680 verium
2603 1597 2835 1680 etiam
2870 1614 2965 1678 ut
2999 1593 3374 1702 Jubilaeo,
3542 1616 3544 1624 ·

360 1705 858 1795 Profeffionis
895 1703 1222 1790 accedat
1254 1705 1661 1814 Jubilaeum
1695 1706 2204 1792 Primitiarum
2226 1765 2255 1809 ‚
2316 1706 2397 1790 ἃ
2426 1707 2856 1818 Dignitatis
2886 1711 3347 1794 Abbatialis

363 1843 764 1912 vovemus
802 1881 833 1923 ‚
893 1821 974 1906 δι
1019 1819 1082 1904 fi
1135 1817 1352 1906 forte
1405 1843 1662 1908 annos
1731 1822 2013 1907 hosce.
2038 1821 2445 1910 diumrnos
2498 1824 2727 1907 nimis
2784 1847 2880 1908 ac
2938 1821 3351 1910 desiderio

359 1935 550 2024 Tuo
571 1994 598 2038 ,
660 1959 823 2043 quo
859 1934 960 2018 ad
991 1935 1318 2044 patriam
1353 1933 1737 2020 caelestem
1763 1937 2076 2021 anhelas
2099 1994 2130 2036 ‚
2186 1937 2657 2045 longaevam
2684 1961 2995 2022 moram
3041 1939 3361 2046 politu-

360 2076 498 2138 ros
533 2053 918 2144 arbitreris
937 2108 964 2152 ,
1008 2050 1274 2158 cogita
1305 2047 1430 2134 Te
1455 2051 1766 2158 populo
1804 2044 1961 2134 esse
1999 2045 2497 2136 necessarimn
2512 2109 2543 2151 ‚
2586 2053 2851 2160 cogita
2860 2048 3360 2138 Monasterii

361 2166 522 2252 Tui
541 2225 570 2267 ,
629 2165 710 2248 δι
767 2164 1219 2269 reipublicae
1260 2165 1610 2249 literarioe
1641 2221 1670 2265 ,
1727 2187 1823 2247 ac
1872 2162 2341 2254 Monasticae
2386 2166 3017 2250 emolumentum
3068 2165 3165 2250 id
3224 2190 3371 2250 ex-

203 2369 208 2377 ,
361 2279 692 2391 poscere
707 2304 741 2391 ,’
773 2275 1040 2389 cogita
1063 2275 1250 2362 Tibi
1288 2301 1458 2364 non
1499 2273 1783 2363 auferri
1812 2255 1945 2363 se³d
1976 2281 2384 2391 prorogari
2416 2277 2499 2361 δι
2524 2276 3047 2389 prorogando
3086 2283 3375 2393 augeri

367 2398 696 2507 gloriam
727 2452 758 2495 ,
817 2393 1076 2478 tribue
1117 2394 1282 2477 hoc
1308 2392 1652 2479 filiorum
1679 2393 2035 2481 Tuorum
2070 2396 2291 2480 votis
2334 2420 2429 2477 ac
2464 2390 2883 2477 defideriiS.
3010 2392 3195 2479 Sed
3234 2400 3380 2483 tri-

365 2510 654 2601 bueres
681 2503 1002 2593 fortass'e
1033 2509 1268 2593 etiam
1303 2568 1332 2610 ,
1380 2508 1530 2615 qui
1563 2507 1873 2593 labores
1905 2510 2165 2595 nullos
2190 2506 2489 2597 recusas
2502 2564 2533 2607 ,
2590 2505 2727 2591 sed
2758 2505 2846 2590 id
2876 2510 2963 2591 in
2978 2508 3180 2594 Tua
3214 2534 3385 2621 po·

367 2620 654 2709 testate
677 2646 848 2707 non
883 2618 1040 2709 effe
1067 2618 1546 2708 contendes:
1605 2620 1866 2709 tribue
1894 2640 2201 2725 tamen,
2256 2622 2339 2706 δι
2372 2619 2737 2706 concede
2770 2646 3009 2728 aequo
3050 2627 3380 2725 animo,

363 2758 462 2823 nt
493 2737 732 2823 nobis
759 2738 1002 2847 liceat
1029 2734 1346 2841 Superis
1359 2756 1520 2841 ‚pro
1537 2735 1714 2817 Tua
1749 2733 2109 2821 diuturna
2140 2737 2725 2836 incolumitate,
2756 2759 2907 2842 pro
2944 2738 3393 2825 constanti

351 2846 834 2941 valetudine
849 2910 892 2950 0
946 2873 1099 2958 pro
1141 2848 1478 2933 finitatis
1533 2870 1630 2929 ac
1683 2846 1971 2933 virium
2008 2848 2357 2935 'suarum
2402 2850 2845 2964 integritate
2872 2904 2903 2949 ,
2958 2876 3139 2957 pto
3194 2850 3396 2938 feli-

365 2967 665 3053 ciffimo
700 2962 1132 3073 Regiminis
1166 2961 1322 3045 Tui
1375 2954 1718 3045 succeffii
1769 2956 2201 3068 supplicare
2233 3012 2259 3057 ‚
2320 2960 2544 3068 quod
2588 2962 2865 3047 omnes
2924 2960 3015 3047 Gt
3079 2967 3401 3076 finguli
3517 3052 3538 3065 ,

371 3076 614 3167 mitis
647 3078 728 3167 δι
759 3072 1160 3168 continuis
1191 3068 1559 3183 precibus
1587 3070 1923 3157 fideliter
1958 3074 2139 3161 deta
2163 3072 2327 3161 fide
2362 3074 2889 3184 praestabimus
2903 3134 2948 3178 a
3036 3102 3407 3191 neque,

371 3196 674 3281 meritis
711 3218 768 3300 p
925 3186 1108 3301 'pue
1142 3186 1334 3273 Tuis
1379 3184 1945 3273 accedentibus
1982 3249 2011 3291 ‚
2074 3189 2441 3293 ,Eosdem
2492 3188 2837 3277 difficiles
2904 3190 3360 3307 speramus
3372 3248 3405 3295 0

376 3308 668 3431 quibus
693 3306 1078 3420 fiippiices
1107 3302 1188 3391 δι
1215 3303 1412 3415 grati
1451 3300 1531 3387 δι
1555 3301 1742 3391 Tibi
1767 3300 2069 3417 semper
2108 3306 2390 3432 erimus
3202 3348 3216 3353 -

2354 3902 2923 4031 omrifflfsimi
2950 3859 3169 4021 flua·

2126 4116 2224 4227 P.
2296 4066 2841 4219 bonifacius
2914 4104 3472 4253 Wagner

2262 4271 2416 4357 με.
2434 4248 2745 4339 Priorac
2765 4246 3328 4335 Conventus.
