3586 4580
332 202 570 324 plane
605 227 792 302 non,
811 205 1031 318 gravi
1057 263 1088 308 ,
1146 203 1284 292 sed
1309 203 1878 314 jucundisfinm.
1994 205 2387 294 Reverfiss
2420 203 2523 292 ad
2550 197 2851 292 Fontes
2864 181 3301 306 Wess‘onss.

329 325 496 433 jam
538 320 882 408 viciniiis
942 319 1276 406 diversas
1328 322 1560 406 haufi'
1599 322 1922 404 notitias
1957 377 1988 420 ,
2048 323 2455 432 archivum
2502 322 2692 406 mihi
2742 341 3093 427 apertum
3148 315 3316 417 est,

334 433 1046 523 Reverendiffimus
1095 435 1372 518 Abbas
1421 459 1644 520 meus
1687 431 1997 516 BEDA
2058 433 2604 544 pretiofiffimis
2656 435 3043 540 coemptis
3099 430 3313 516 libris

339 553 694 662 inopiam
735 573 994 632 meam
1027 549 1472 634 sublevavit
1507 610 1536 650 ‚
1591 545 2043 636 industriam
2074 551 2287 636 acuit
2304 607 2333 652 ‚
2394 551 2734 636 animum
2768 547 2873 632 ad
2908 548 3315 656 completi·
3381 616 3389 626 .

331 753 338 758 ,
555 662 1025 749 Monasterii
1065 661 1496 748 Historiam
1545 664 1950 748 excitavit.
2100 747 2109 754 .

575 909 659 994 5.
736 883 944 973 Sane
985 911 1416 1000 utcumque
1469 885 2041 996 Monasterium
2088 885 2439 974 nostrum
2472 949 2503 992 ,
2560 892 2789 976 velut
2846 881 3261 994 inglorium
3280 935 3313 982 ,

329 1009 758 1112 hucusque
801 1003 1128 1107 jacuerit
1186 1062 1215 1103 ‚
1271 1013 1648 1112 quantum
1693 1003 1792 1087 ad
1850 1022 2298 1088 exterorum
2346 1008 2709 1088 notitiam
2744 1004 3023 1087 attinet
3057 1057 3089 1098 ‚
3144 987 3313 1078 imo

342 1123 606 1230 plures
657 1116 1012 1210 Abbates
1067 1117 1380 1202 aliunde
1430 1119 1844 1202 accersitos
1896 1119 2301 1217 habuerit,
2359 1115 2745 1227 Ilsungum
2794 1139 2899 1199 ex
2940 1109 3315 1198 inferiore
3454 1121 3468 1130 ·

349 1234 674 1344 Quetcu
692 1289 721 1331 ,
779 1229 1258 1314 Lantoldum
1312 1255 1411 1314 ex
1448 1227 1851 1339 Hirsaugia
1868 1290 1898 1331 ,
1954 1229 2417 1316 Udalricum
2452 1231 2591 1314 111.
2646 1253 2750 1314 ex
2788 1227 3265 1334 Ebersperga
3280 1279 3313 1328 ,

343 1344 806 1430 Udalricum
827 1343 971 1427 VI.
1017 1344 1096 1427 &
1125 1345 1440 1430 Petrum
1473 1342 1575 1427 11.
1639 1368 1742 1428 ex
1777 1343 2333 1454 Tegernsee'nfi
2353 1403 2380 1447 ,
2431 1343 2933 1432 Leonatdum
2968 1365 3071 1424 ex
3088 1337 3315 1422 Wei-

341 1457 994 1564 henstephanenst
1029 1516 1058 1556 ‚
1117 1458 1502 1566 Joannem
1553 1457 2137 1544 exAndecenfi
2173 1514 2202 1558 ‚
2258 1455 2698 1564 Henricutn
2750 1481 2853 1541 ex
2890 1451 3313 1556 Schyrenfi

347 1572 767 1669 coenobi03
826 1569 1034 1653 aliie
1064 1571 1343 1654 nostris
1383 1567 1575 1654 0610
1609 1571 1709 1654 ad
1740 1568 2145 1659 fundanda
2164 1629 2193 1674 ‚
2248 1571 2593 1682 regenda
2630 1630 2659 1672 ‚
2722 1565 3315 1654 administranda

345 1683 814 1772 monasteria
857 1688 1129 1770 vocati
1167 1685 1363 1768 sunt.
1485 1683 1913 1770 Mecdinus
1954 1710 2136 1769 cum
2191 1685 2507 1770 duobus
2556 1686 2785 1770 sociis
2836 1679 3310 1770 monasterio

349 1799 432 1882 S.
459 1799 666 1882 Petri
700 1803 781 1882 in
813 1817 1089 1882 monte
1121 1797 1536 1882 Madtonae
1570 1800 1875 1882 initium
1907 1797 2171 1884 dedit:
2226 1795 2679 1884 Guntherus
2713 1800 2825 1906 ab
2844 1798 3309 1882 Hermanno

346 1910 756 2020 Episcopo
809 1911 1304 1996 Monasterio
1360 1911 1498 1994 SS.
1555 1911 1909 1997 Udalrici
1974 1913 2056 1996 &
2122 1909 2341 1998 Afrae
2388 1913 2841 2024 Augustano
2902 1909 3311 2020 impofitua

342 2025 542 2112 fuit:
601 2024 1014 2110 Udalricus
1043 2024 1144 2108 de
1163 2023 1788 2110 Hiihenkirchen
1824 2024 2007 2134 post
2046 2029 2471 2111 tricennale
2519 2027 2731 2133 apud
2760 2050 2913 2112 noa
2958 2028 3312 2134 regimen

347 2139 454 2223 ad
504 2137 1051 2222 monasterium
1087 2138 1480 2223 Ettalense
1527 2159 1865 2224 vocatus
1902 2137 2073 2224 est:
2133 2139 2501 2226 Urbanus
2530 2137 3035 2227 Rottenstein
3086 2137 3135 2222 a
3164 2163 3318 2222 no-

345 2251 509 2341 stro
549 2252 652 2336 ad
686 2250 750 2335 F
751 2252 1078 2337 aucense
1109 2251 1190 2335 S.
1221 2250 1499 2361 Magni
1543 2253 1991 2339 coenobium
2024 2251 2611 2363 gubernandum
2644 2253 2991 2339 transiit:
3052 2249 3317 2345 Geor,
3356 2322 3361 2327 .

349 2371 520 2479 gius
551 2365 1132 2451 Zimmermann
1167 2367 1442 2448 Abbas
1479 2426 1508 2466 ,
1572 2366 1941 2474 Caspai-us
1976 2364 2275 2453 Kurbel
2304 2366 2903 2455 Administrator
2931 2427 2960 2469 ‚
3012 2366 3315 2453 Mona·

346 2482 586 2567 sterio
615 2479 1066 2565 Andecenfi
1109 2481 1282 2563 sunt
1318 2477 1477 2563 dati
1515 2510 1538 2563 :
1597 2479 2047 2587 Joachimus
2079 2480 2531 2567 Puechauet
2560 2484 2661 2565 ab
2678 2480 3355 2589 Archiepiscopo·

349 2592 910 2704 salisburgenfi
953 2592 1446 2677 Monasterio
1490 2595 1784 2677 ibidem
1816 2594 1894 2679 S.
1931 2594 2143 2679 Petri
2190 2594 2656 2681 constitutus
2694 2595 3259 2681 administrator
3278 2650 3310 2695 ,

345 2733 547 2796 mox
594 2708 872 2789 Abbas
904 2768 934 2810 ‚
997 2708 1076 2791 δι
1130 2706 1680 2793 Univetfitatis
1732 2731 2209 2815 promotor:
2262 2708 2527 2795 nostra
2572 2730 2801 2795 aetate
2850 2710 3313 2796 Lamberms

347 2822 454 2907 ad
505 2818 888 2905 Montem
940 2819 1020 2903 S.
1078 2818 1430 2928 Georgii.
1463 2824 1546 2905 in
1581 2821 1904 2926 Tyron,
1927 2920 1933 2925 ,
1960 2821 2294 2929 primiim
2338 2822 2478 2908 SS.
2532 2823 2999 2935 Theologiae
3048 2822 3129 2907 δι
3166 2822 3305 2911 SS.

351 2937 774 3022 canonum
821 2929 1218 3019 Profeffor
1235 2994 1263 3036 ,
1323 2938 1570 3019 altero
1619 2959 1831 3019 anno
1876 2937 2153 3021 Abbas
2207 2935 2639 3043 postulatus
2700 2937 2815 3025 est
2849 2997 2880 3039 ‚
2954 2936 3312 3045 singulari

345 3050 818 3137 oeconomiae
863 3046 1126 3133 studio
1145 3106 1174 3149 ‚
1232 3050 1436 3133 novi
1491 3072 1586 3133 ac
1633 3046 2201 3155 splendidiffimi
2228 3050 2544 3158 Templi
2584 3048 2965 3155 edificio,
3026 3050 3107 3135 δι
3138 3068 3311 3135 θαι-’-

349 3162 534 3249 ditis
585 3166 668 3247 in
717 3164 976 3247 lucem
1035 3158 1266 3248 editis
1318 3162 1532 3246 libris
1589 3164 1927 3248 celeber.
2042 3149 2347 3251 Verum
2396 3188 2499 3253 ex
2532 3166 2653 3251 his
2690 3166 3057 3255 omnibus
3084 3164 3181 3249 fit
3226 3165 3313 3253 δι

341 3278 722 3363 omnibus
755 3278 994 3359 nobis
1035 3279 1414 3363 tribuatur
1446 3274 1590 3361 soli
1621 3276 1865 3361 DEO
1908 3280 2181 3389 gloria.

523 3506 605 3588 6.
645 3498 996 3589 Subdita
1046 3505 1284 3590 nobis
1333 3496 1874 3587 Hofmarchioe
1926 3496 2557 3595 Wessofontanae
2624 3504 3015 3593 honorem
3088 3504 3311 3596 suum

339 3620 792 3711 fiibtrahere
821 3640 992 3703 non
1029 3614 1428 3727 poffumus
1443 3676 1474 3716 ‚
1511 3634 1849 3724 quatuor
1904 3640 2009 3702 ex
2056 3617 2333 3703 eadem
2368 3621 2723 3729 egregios
2760 3619 3121 3705 Abbatee
3170 3646 3308 3707 na-

345 3734 502 3834 ἂίς
563 3730 642 3817 &
694 3736 1032 3841 primum
1067 3730 1387 3839 quidem
1437 3726 1967 3817 Wernherum
2040 3731 2143 3815 de
2194 3731 2483 3815 Greutt
2500 3792 2529 3834 ,
2586 3734 2909 3817 alterum
2980 3736 3309 3821 Paulum

339 3848 650 3948 Ranck‚
689 3847 1005 3931 tertium
1057 3844 1532 3957 Gregorium
1603 3841 1853 3951 Jacob
1873 3904 1904 3948 ‚
1960 3866 2317 3955 quartum
2392 3842 2829 3955 Georgium
2914 3846 3303 3955 Ybelhon

345 3986 682 4071 quotum
715 3960 1068 4047 omnium
1101 3963 1463 4045 encomia
1513 3961 1969 4043 meritorum
2004 3961 2311 4071 petenti
2360 3957 2731 4043 Historiae
2770 3961 2997 4070 hujus
3052 3964 3307 4051 Index

341 4074 592 4181 faciet
637 4074 844 4169 sanna
1020 4072 1184 4163 Sed
1215 4094 1371 4165 nec
1404 4094 1672 4161 tacere
1697 4069 2103 4187 poss'umus
2162 4076 2599 4167 vicinarum
2632 4075 3069 4191 civitatum,
3118 4104 3307 4195 qua-
